%% This BibTeX bibliography file was created using BibDesk.
%% http://bibdesk.sourceforge.net/


%% Created for Loïc Séguin-Charbonneau at 2013-01-02 14:23:09 -0500 


%% Saved with string encoding Unicode (UTF-8) 



@online{fowler1997,
	Author = {Michael Fowler},
	Date-Added = {2013-01-02 19:21:26 +0000},
	Date-Modified = {2013-01-02 19:22:30 +0000},
	Organization = {University of Virginia},
	Title = {Historical Beginnings of Theories of Electricity and Magnetism},
	Url = {http://galileoandeinstein.physics.virginia.edu/more_stuff/E&M_Hist.html},
	Year = {1997},
	Bdsk-File-1 = {YnBsaXN0MDDUAQIDBAUIJidUJHRvcFgkb2JqZWN0c1gkdmVyc2lvblkkYXJjaGl2ZXLRBgdUcm9vdIABqAkKFRYXGyIjVSRudWxs0wsMDQ4RFFpOUy5vYmplY3RzV05TLmtleXNWJGNsYXNzog8QgASABqISE4ACgAOAB1lhbGlhc0RhdGFccmVsYXRpdmVQYXRo0hgNGRpXTlMuZGF0YU8RAjQAAAAAAjQAAgAADE1hY2ludG9zaCBIRAAAAAAAAAAAAAAAAAAAAMpQldJIKwAAAO3iSR9IaXN0b3JpY2FsIEJlZ2lubmluI0VERTI0OC5odG1sAAAAAAAAAAAAAAAAAAAAAAAAAAAAAAAAAAAAAAAAAAAA7eJIzQnzPQAAAAAAAAAAAAQAAwAACSAAAAAAAAAAAAAAAAAAAAAGRm93bGVyABAACAAAylDOEgAAABEACAAAzQo5jQAAAAEAEADt4kkA7eJGAARK3gAAvxEAAgBJTWFjaW50b3NoIEhEOlVzZXJzOgBsb2ljOgBQYXBlcnM6AEZvd2xlcjoASGlzdG9yaWNhbCBCZWdpbm5pbiNFREUyNDguaHRtbAAADgCIAEMASABpAHMAdABvAHIAaQBjAGEAbAAgAEIAZQBnAGkAbgBuAGkAbgBnAHMAIABvAGYAIABUAGgAZQBvAHIAaQBlAHMAIABvAGYAIABFAGwAZQBjAHQAcgBpAGMAaQB0AHkAIABhAG4AZAAgAE0AYQBnAG4AZQB0AGkAcwBtAC4AaAB0AG0AbAAPABoADABNAGEAYwBpAG4AdABvAHMAaAAgAEgARAASAFxVc2Vycy9sb2ljL1BhcGVycy9Gb3dsZXIvSGlzdG9yaWNhbCBCZWdpbm5pbmdzIG9mIFRoZW9yaWVzIG9mIEVsZWN0cmljaXR5IGFuZCBNYWduZXRpc20uaHRtbAATAAEvAAAVAAIAC///AACABdIcHR4fWCRjbGFzc2VzWiRjbGFzc25hbWWjHyAhXU5TTXV0YWJsZURhdGFWTlNEYXRhWE5TT2JqZWN0XxBdLi4vLi4vLi4vLi4vUGFwZXJzL0Zvd2xlci9IaXN0b3JpY2FsIEJlZ2lubmluZ3Mgb2YgVGhlb3JpZXMgb2YgRWxlY3RyaWNpdHkgYW5kIE1hZ25ldGlzbS5odG1s0hwdJCWiJSFcTlNEaWN0aW9uYXJ5EgABhqBfEA9OU0tleWVkQXJjaGl2ZXIACAARABYAHwAoADIANQA6ADwARQBLAFIAXQBlAGwAbwBxAHMAdgB4AHoAfACGAJMAmACgAtgC2gLfAugC8wL3AwUDDAMVA3UDegN9A4oDjwAAAAAAAAIBAAAAAAAAACgAAAAAAAAAAAAAAAAAAAOh}}

@online{nist2010,
	Date-Added = {2013-01-02 18:28:30 +0000},
	Date-Modified = {2013-01-02 18:55:35 +0000},
	Organization = {National Institute of Standards and Technology},
	Title = {The NIST Reference on Constants, Units, and Uncertainty},
	Url = {http://physics.nist.gov/cuu/index.html},
	Urldate = {2013-01-02},
	Year = {2010},
	Bdsk-File-1 = {YnBsaXN0MDDUAQIDBAUIJidUJHRvcFgkb2JqZWN0c1gkdmVyc2lvblkkYXJjaGl2ZXLRBgdUcm9vdIABqAkKFRYXGyIjVSRudWxs0wsMDQ4RFFpOUy5vYmplY3RzV05TLmtleXNWJGNsYXNzog8QgASABqISE4ACgAOAB1lhbGlhc0RhdGFccmVsYXRpdmVQYXRo0hgNGRpXTlMuZGF0YU8RAWwAAAAAAWwAAgAADE1hY2ludG9zaCBIRAAAAAAAAAAAAAAAAAAAAMpQldJIKwAAAARLKAppbmRleC5odG1sAAAAAAAAAAAAAAAAAAAAAAAAAAAAAAAAAAAAAAAAAAAAAAAAAAAAAAAAAAAAAAAAAAAAAAAA7dRhzQns7gAAAAAAAAAAAAQAAgAACSAAAAAAAAAAAAAAAAAAAAAJRG93bmxvYWRzAAAQAAgAAMpQzhIAAAARAAgAAM0KMz4AAAABAAwABEsoAARK3gAAvxEAAgAvTWFjaW50b3NoIEhEOlVzZXJzOgBsb2ljOgBEb3dubG9hZHM6AGluZGV4Lmh0bWwAAA4AFgAKAGkAbgBkAGUAeAAuAGgAdABtAGwADwAaAAwATQBhAGMAaQBuAHQAbwBzAGgAIABIAEQAEgAfVXNlcnMvbG9pYy9Eb3dubG9hZHMvaW5kZXguaHRtbAAAEwABLwAAFQACAAv//wAAgAXSHB0eH1gkY2xhc3Nlc1okY2xhc3NuYW1lox8gIV1OU011dGFibGVEYXRhVk5TRGF0YVhOU09iamVjdF8QIC4uLy4uLy4uLy4uL0Rvd25sb2Fkcy9pbmRleC5odG1s0hwdJCWiJSFcTlNEaWN0aW9uYXJ5EgABhqBfEA9OU0tleWVkQXJjaGl2ZXIACAARABYAHwAoADIANQA6ADwARQBLAFIAXQBlAGwAbwBxAHMAdgB4AHoAfACGAJMAmACgAhACEgIXAiACKwIvAj0CRAJNAnACdQJ4AoUCigAAAAAAAAIBAAAAAAAAACgAAAAAAAAAAAAAAAAAAAKc}}

@book{halliday2007,
	Author = {Halliday, David and Resnick, Robert and Walker, Jearl},
	Edition = {8},
	Keywords = {mandatory},
	Publisher = {Wiley},
	Title = {Fundamentals of Physics Extended},
	Year = {2007}}

@book{feynman1965,
	Author = {Feynman, Richard P. and Leighton, Robert B. and Sands, Matthew},
	Publisher = {Addison-Wesley},
	Title = {The Feynman Lectures on Physics},
	Volume = {{II}},
	Year = {1965}}

@book{serway2010,
	Author = {Serway, Raymond A. and Jewett, John W.},
	Edition = {8},
	Publisher = {Brooks Cole},
	Title = {Physics for Scientists and Engineers, Volume 2, Chapters 23-46},
	Year = {2010}}

@online{carson2008,
	Author = {Carson, Cathryn},
	Organization = {UC Berkeley},
	Title = {History 181B: Modern Physics},
	Url = {https://itunes.apple.com/ca/itunes-u/history-181b-spring-2008-modern/id461116019?l=fr&mt=10},
	Urldate = {2012-12-21},
	Bdsk-Url-1 = {https://itunes.apple.com/ca/itunes-u/history-181b-spring-2008-modern/id461116019?l=fr&mt=10}}

@online{lewin2010,
	Author = {Lewin, Walter and Belcher, John and Dourmashkin, Peter},
	Organization = {MIT OpenCourseWare},
	Title = {Physics II: Electricity and Magnetism},
	Url = {http://ocw.mit.edu/courses/physics/8-02sc-physics-ii-electricity-and-magnetism-fall-2010/},
	Urldate = {2012-12-22},
	Bdsk-Url-1 = {http://ocw.mit.edu/courses/physics/8-02sc-physics-ii-electricity-and-magnetism-fall-2010/}}
